<?xml version="1.0" encoding="UTF-8"?><collection xmlns="http://www.loc.gov/MARC21/slim"><record><leader>00407nam--2200133-i-4500</leader><controlfield tag="001">000001767</controlfield><controlfield tag="002">20161230</controlfield><controlfield tag="005">20161230201024</controlfield><controlfield tag="008">060222s1000------------r-----000-0-eng-d</controlfield><datafield ind1=" " ind2=" " tag="080"><subfield code="a">92</subfield></datafield><datafield ind1=" " ind2=" " tag="245"><subfield code="a">Nobel lectures inclunding presentation speeches and  laureates biographies literatures 1901- 1967</subfield></datafield><datafield ind1=" " ind2=" " tag="260"><subfield code="a">Amsterdam, Elsevier Publishing Company, 1969. Xxi + 640 P</subfield></datafield><datafield ind1=" " ind2=" " tag="700"><subfield code="a">Frenz, Horst</subfield></datafield><datafield ind1=" " ind2=" " tag="852"><subfield code="a">33226</subfield></datafield></record></collection>